@book{rault,
  TITLE = {{Musical Instruments, Craftmanship and traditions from Prehistory to the Present}},
  AUTHOR = {Rault, Lucie},
  URL = {https://hal.archives-ouvertes.fr/hal-02072647},
  PUBLISHER = {{Harry N. Abrams}},
  PAGES = {240},
  YEAR = {2000},
  HAL_ID = {hal-02072647},
  HAL_VERSION = {v1},
}

@article{falentin2016bovine,
  title={Bovine teat microbiome analysis revealed reduced alpha diversity and significant changes in taxonomic profiles in quarters with a history of mastitis},
  author={Falentin, H{\'e}l{\`e}ne and Rault, Lucie and Nicolas, Aur{\'e}lie and Bouchard, Damien S and Lassalas, Jacques and Lamberton, Philippe and Aubry, Jean-Marc and Marnet, Pierre-Guy and Le Loir, Yves and Even, Sergine},
  journal={Frontiers in microbiology},
  volume={7},
  pages={480},
  year={2016},
  publisher={Frontiers Media SA}
}

@article{lane1997modeling,
  title={Modeling analog synthesis with DSPs},
  author={Lane, John and Hoory, Dan and Martinez, Ed and Wang, Patty},
  journal={Computer Music Journal},
  volume={21},
  number={4},
  pages={23--41},
  year={1997},
  publisher={JSTOR}
}

@article{chowning1973synthesis,
  title={The synthesis of complex audio spectra by means of frequency modulation},
  author={Chowning, John M},
  journal={Journal of the audio engineering society},
  volume={21},
  number={7},
  pages={526--534},
  year={1973},
  publisher={Audio Engineering Society}
}

@article{weisstein2004fourier,
  title={Fourier series},
  author={Weisstein, Eric W},
  journal={https://mathworld. wolfram. com/},
  year={2004},
  publisher={Wolfram Research, Inc.}
}

@inproceedings{frigo1998fftw,
  title={FFTW: An adaptive software architecture for the FFT},
  author={Frigo, Matteo and Johnson, Steven G},
  booktitle={Proceedings of the 1998 IEEE International Conference on Acoustics, Speech and Signal Processing, ICASSP'98 (Cat. No. 98CH36181)},
  volume={3},
  pages={1381--1384},
  year={1998},
  organization={IEEE}
}

@article{cooley1965algorithm,
  title={An algorithm for the machine calculation of complex Fourier series},
  author={Cooley, James W and Tukey, John W},
  journal={Mathematics of computation},
  volume={19},
  number={90},
  pages={297--301},
  year={1965},
  publisher={JSTOR}
}

@article{kraft2017lp,
  title={LP-BLIT: BANDLIMITED IMPULSE TRAIN SYNTHESIS OF LOWPASS-FILTERED WAVEFORMS},
  author={Kraft, Sebastian and Z{\"o}lzer, Udo},
  year={2017}
}


